@article{Fisher1970,
    title = {{A Correspondence Principle for Simultaneous Equation Models}},
    year = {1970},
    journal = {Econometrica},
    author = {Fisher, Franklin M.},
    number = {1},
    month = {1},
    pages = {73},
    volume = {38},
    publisher = {The Econometric Society},
    url = {https://www.jstor.org/stable/1909242?origin=crossref},
    doi = {10.2307/1909242},
    issn = {00129682}
}

@article{Tiger2012,
    title = {{A framework for mapping, visualisation and automatic model creation of signal-transduction networks.}},
    year = {2012},
    journal = {Molecular systems biology},
    author = {Tiger, Carl-Fredrik and Krause, Falko and Cedersund, Gunnar and Palm{\'{e}}r, Robert and Klipp, Edda and Hohmann, Stefan and Kitano, Hiroaki and Krantz, Marcus},
    number = {1},
    month = {4},
    pages = {578},
    volume = {8},
    publisher = {EMBO Press},
    url = {http://www.ncbi.nlm.nih.gov/pubmed/22531118},
    doi = {10.1038/msb.2012.12},
    pmid = {22531118}
}

@article{Breitkreutz2010,
    title = {{A Global Protein Kinase and Phosphatase Interaction Network in Yeast}},
    year = {2010},
    journal = {Science},
    author = {Breitkreutz, Ashton and Choi, Hyungwon and Sharom, Jeffrey R. and Boucher, Lorrie and Neduva, Victor and Larsen, Brett and Lin, Zhen-Yuan and Breitkreutz, Bobby-Joe and Stark, Chris and Liu, Guomin and Ahn, Jessica and Dewar-Darch, Danielle and Reguly, Teresa and Tang, Xiaojing and Almeida, Ricardo and Qin, Zhaohui Steve and Pawson, Tony and Gingras, Anne-Claude and Nesvizhskii, Alexey I. and Tyers, Mike},
    number = {5981},
    month = {5},
    pages = {1043--1046},
    volume = {328},
    publisher = {American Association for the Advancement of Science},
    url = {https://science.sciencemag.org/content/328/5981/1043},
    doi = {10.1126/SCIENCE.1176495},
    issn = {0036-8075},
    pmid = {20489023}
}

@article{yeastkid,
    title = {{A quantitative literature-curated gold standard for kinase-substrate pairs}},
    year = {2011},
    journal = {Genome Biology},
    author = {Sharifpoor, Sara and Ba, Alex N Nguyen and Young, Ji-Young and Dyk, Dewald van and Friesen, Helena and Douglas, Alison C and Kurat, Christoph F and Chong, Yolanda T and Founk, Karen and Moses, Alan M and Andrews, Brenda J and Andrews, Brenda J},
    number = {4},
    pages = {R39},
    volume = {12},
    publisher = {BioMed Central},
    url = {https://www.ncbi.nlm.nih.gov/pmc/articles/PMC3218865/},
    doi = {10.1186/GB-2011-12-4-R39},
    issn = {1474-760X},
    pmid = {21492431}
}

@article{adam,
    title = {{Adam: A Method for Stochastic Optimization}},
    year = {2015},
    author = {Kingma, Diederik P. and Ba, Jimmy},
    month = {12},
    url = {http://arxiv.org/abs/1412.6980},
    arxivId = {1412.6980}
}

@book{Alon2006,
    title = {{An introduction to systems biology: design principles of biological circuits}},
    year = {2006},
    author = {Alon, Uri},
    month = {7},
    pages = {301},
    publisher = {Chapman {\&} Hall/CRC},
    url = {https://www.taylorfrancis.com/books/9781420011432},
    isbn = {9781584886426},
    doi = {10.1201/9781420011432}
}

@article{CausalLearningReview,
    title = {{Causal Structure Learning}},
    year = {2018},
    journal = {Annual Review of Statistics and Its Application},
    author = {Heinze-Deml, Christina and Maathuis, Marloes H. and Meinshausen, Nicolai},
    number = {1},
    month = {3},
    pages = {371--391},
    volume = {5},
    publisher = {Annual Reviews},
    url = {http://www.annualreviews.org/doi/10.1146/annurev-statistics-031017-100630},
    doi = {10.1146/annurev-statistics-031017-100630},
    issn = {2326-8298},
    keywords = {causal model, directed graphs, feedback, interventions, latent variables}
}

@techreport{EberhardtLLC,
    title = {{Combining Experiments to Discover Linear Cyclic Models with Latent Variables}},
    year = {2010},
    author = {Eberhardt, Frederick and Hoyer, Patrik O and Scheines, Richard},
    url = {https://helda.helsinki.fi/bitstream/handle/10138/17937/AISTATS2010.pdf?sequence=1}
}

@article{Luscombe2010,
    title = {{Comprehensive reanalysis of transcription factor knockout expression data in Saccharomyces cerevisiae reveals many new targets}},
    year = {2010},
    journal = {Nucleic Acids Research},
    author = {Reimand, Jüri and Vaquerizas, Juan M. and Todd, Annabel E. and Vilo, Jaak and Luscombe, Nicholas M.},
    number = {14},
    month = {8},
    pages = {4768--4777},
    volume = {38},
    publisher = {Narnia},
    url = {https://academic.oup.com/nar/article-lookup/doi/10.1093/nar/gkq232},
    doi = {10.1093/nar/gkq232},
    issn = {13624962},
    keywords = {datasets, genetic, genome, transcription, transcription factor}
}

@techreport{Kennedy2019Sscore,
    title = {{Description of S-Score: Expression Analysis of Affymetrix GeneChips from Probe-Level Data}},
    year = {2019},
    author = {Kennedy, Richard E and Archer, Kellie J and Kerns, Robnet T and Miles, Michael F},
    url = {http://www.bioconductor.org/}
}

@article{Fasolo2011,
    title = {{Diverse protein kinase interactions identified by protein microarrays reveal novel connections between cellular processes.}},
    year = {2011},
    journal = {Genes {\&} development},
    author = {Fasolo, Joseph and Sboner, Andrea and Sun, Mark G F and Yu, Haiyuan and Chen, Rui and Sharon, Donald and Kim, Philip M and Gerstein, Mark and Snyder, Michael},
    number = {7},
    month = {4},
    pages = {767--78},
    volume = {25},
    publisher = {Cold Spring Harbor Laboratory Press},
    url = {http://www.ncbi.nlm.nih.gov/pubmed/21460040},
    doi = {10.1101/gad.1998811},
    issn = {1549-5477},
    pmid = {21460040}
}

@article{dream4,
    title = {{DREAM4: Combining Genetic and Dynamic Information to Identify Biological Networks and Dynamical Models}},
    year = {2010},
    journal = {PLoS ONE},
    author = {Greenfield, Alex and Madar, Aviv and Ostrer, Harry and Bonneau, Richard},
    editor = {Isalan, Mark},
    number = {10},
    month = {10},
    pages = {e13397},
    volume = {5},
    publisher = {Public Library of Science},
    url = {https://dx.plos.org/10.1371/journal.pone.0013397},
    doi = {10.1371/journal.pone.0013397},
    issn = {1932-6203}
}

@techreport{GeneNetWeaverModel,
    title = {{Formulation of a model of the segment polarity network as a system of first-order ordinary differential equations using Ingeneue Supplementary Information for "The Segment Polarity Network is a Robust Developmental Module"}},
    year = {2000},
    author = {Von Dassow, G and Meir, E and Munro, E M and Odell, G M},
    url = {http://rusty.fhl.washington.edu/ingeneue/downloads/NatureSupplement.pdf}
}

@article{Fiedler2009PK,
    title = {{Functional organization of the S. cerevisiae phosphorylation network}},
    year = {2009},
    journal = {Cell},
    author = {Fiedler, Dorothea and Braberg, Hannes and Mehta, Monika and Chechik, Gal and Cagney, Gerard and Mukherjee, Paromita and Silva, Andrea C and Shales, Michael and Collins, Sean R and van Wageningen, Sake and Kemmeren, Patrick and Holstege, Frank C P and Weissman, Jonathan S and Keogh, Michael-Christopher and Koller, Daphne and Shokat, Kevan M and Krogan, Nevan J},
    number = {5},
    month = {3},
    pages = {952--63},
    volume = {136},
    publisher = {Elsevier},
    url = {http://www.ncbi.nlm.nih.gov/pubmed/19269370},
    doi = {10.1016/j.cell.2008.12.039},
    issn = {1097-4172},
    pmid = {19269370},
    keywords = {SIGNALING}
}

@article{Holstege2010,
    title = {{Functional overlap and regulatory links shape genetic interactions between signaling pathways}},
    year = {2010},
    journal = {Cell},
    author = {van Wageningen, Sake and Kemmeren, Patrick and Lijnzaad, Philip and Margaritis, Thanasis and Benschop, Joris J. and De Castro, Inês J. and Van Leenen, Dik and Groot Koerkamp, Marian J.A. and Ko, Cheuk W. and Miles, Antony J. and Brabers, Nathalie and Brok, Mariel O. and Lenstra, Tineke L. and Fiedler, Dorothea and Fokkens, Like and Aldecoa, Rodrigo and Apweiler, Eva and Taliadouros, Virginia and Sameith, Katrin and Van De Pasch, Loes A.L. and Van Hooff, Sander R. and Bakker, Linda V. and Krogan, Nevan J. and Snel, Berend and Holstege, Frank C.P.},
    number = {6},
    month = {12},
    pages = {991--1004},
    volume = {143},
    publisher = {Cell Press},
    url = {https://www.sciencedirect.com/science/article/pii/S0092867410013012},
    doi = {10.1016/j.cell.2010.11.021},
    issn = {00928674},
    keywords = {CELLBIO, SIGNALING}
}

@techreport{Anderson2009,
    title = {{Gaussian Processes and Gene Regulation}},
    year = {2009},
    author = {Anderson, James W J and Choy, Chris T L},
    url = {http://citeseerx.ist.psu.edu/viewdoc/download?doi=10.1.1.186.7626&rep=rep1&type=pdf},
    institution = {University of Oxford},
    address = {Oxford},
    keywords = {Jotun Hein student}
}

@article{GeneNetWeaver,
    title = {{GeneNetWeaver: in silico benchmark generation and performance profiling of network inference methods}},
    year = {2011},
    journal = {Bioinformatics},
    author = {Schaffter, Thomas and Marbach, Daniel and Floreano, Dario},
    number = {16},
    month = {8},
    pages = {2263--2270},
    volume = {27},
    publisher = {Narnia},
    url = {https://academic.oup.com/bioinformatics/article-lookup/doi/10.1093/bioinformatics/btr373},
    doi = {10.1093/bioinformatics/btr373},
    issn = {1460-2059}
}

@article{Hu2007,
    title = {{Genetic reconstruction of a functional transcriptional regulatory network}},
    year = {2007},
    journal = {Nature Genetics},
    author = {Hu, Zhanzhi and Killion, Patrick J. and Iyer, Vishwanath R.},
    number = {5},
    month = {5},
    pages = {683--687},
    volume = {39},
    publisher = {Nature Publishing Group},
    url = {http://www.nature.com/articles/ng2012},
    doi = {10.1038/ng2012},
    issn = {10614036},
    keywords = {Agriculture, Animal Genetics and Genomics, Biomedicine, Cancer Research, Gene Function, Human Genetics, general}
}

@article{ChIP2010,
    title = {{Identification of {$\beta$}-catenin binding regions in colon cancer cells using ChIP-Seq}},
    year = {2010},
    journal = {Nucleic Acids Research},
    author = {Bottomly, Daniel and Kyler, Sydney L. and McWeeney, Shannon K. and Yochum, Gregory S.},
    number = {17},
    month = {9},
    pages = {5735--5745},
    volume = {38},
    publisher = {Narnia},
    url = {https://academic.oup.com/nar/article-lookup/doi/10.1093/nar/gkq363},
    doi = {10.1093/nar/gkq363},
    issn = {1362-4962},
    keywords = {complex, familial adenomatous polyposis, growth factor, libraries, signal transduction, transcription factor ap-1}
}

@article{ChuaPNAS2006,
    title = {{Identifying transcription factor functions and targets by phenotypic activation}},
    year = {2006},
    journal = {Proceedings of the National Academy of Sciences of the United States of America},
    author = {Chua, Gordon and Morris, Quaid D and Sopko, Richelle and Robinson, Mark D and Ryan, Owen and Chan, Esther T and Frey, Brendan J and Andrews, Brenda J and Boone, Charles and Hughes, Timothy R},
    number = {32},
    month = {8},
    pages = {12045--50},
    volume = {103},
    publisher = {National Academy of Sciences},
    url = {http://www.ncbi.nlm.nih.gov/pubmed/16880382},
    doi = {10.1073/pnas.0605140103},
    pmid = {16880382}
}

@article{Yeang2004,
    title = {{Inferring regulatory networks from multiple sources of genomic data}},
    year = {2004},
    author = {Yeang, Chen-Hsiang},
    publisher = {Massachusetts Institute of Technology},
    url = {https://dspace.mit.edu/handle/1721.1/28731},
    keywords = {Electrical Engineering and Computer Science., Thesis}
}

@article{BeyerWorkman2006,
    title = {{Integrated assessment and prediction of transcription factor binding}},
    year = {2006},
    journal = {PLoS Computational Biology},
    author = {Beyer, Andreas and Workman, Christopher and Hollunder, Jens and Radke, Dörte and M{\"{o}}ller, Ulrich and Wilhelm, Thomas and Ideker, Trey},
    number = {6},
    pages = {0615--0626},
    volume = {2},
    publisher = {Public Library of Science},
    url = {https://dx.plos.org/10.1371/journal.pcbi.0020070},
    doi = {10.1371/journal.pcbi.0020070},
    issn = {1553734X}
}

@article{KEGG,
    title = {{KEGG as a reference resource for gene and protein annotation}},
    year = {2016},
    journal = {Nucleic Acids Research},
    author = {Kanehisa, Minoru and Sato, Yoko and Kawashima, Masayuki and Furumichi, Miho and Tanabe, Mao},
    number = {D1},
    month = {1},
    pages = {D457-D462},
    volume = {44},
    publisher = {Narnia},
    url = {https://academic.oup.com/nar/article-lookup/doi/10.1093/nar/gkv1070},
    doi = {10.1093/nar/gkv1070},
    issn = {0305-1048},
    keywords = {genome}
}

@article{Tillman2014,
    title = {{Learning Causal Structure From Multiple Datasets With Similar Variable Sets}},
    year = {2014},
    journal = {Behaviormetrika},
    author = {E. Tillman, Robert and Eberhardt, Frederick},
    number = {1},
    pages = {41--64},
    volume = {41},
    url = {http://jlc.jst.go.jp/DN/JST.JSTAGE/bhmk/41.41?lang=en&from=CrossRef&type=abstract},
    doi = {10.2333/bhmk.41.41},
    issn = {0385-7417},
    keywords = {and phrases, causal inference, multiple datasets, overlapping variables, structure learning}
}

@article{EberhardtLLCdetail,
    title = {{Learning Linear Cyclic Causal Models with Latent Variables}},
    year = {2012},
    journal = {Journal of Machine Learning Research},
    author = {Hyttinen, Antti and Eberhardt, Frederick and Hoyer, Patrik O.},
    number = {Nov},
    pages = {3387--3439},
    volume = {13},
    url = {http://www.jmlr.org/papers/v13/hyttinen12a.html},
    issn = {ISSN 1533-7928}
}

@article{Hughes2013,
    title = {{Mapping yeast transcriptional networks.}},
    year = {2013},
    journal = {Genetics},
    author = {Hughes, Timothy R and de Boer, Carl G},
    number = {1},
    month = {9},
    pages = {9--36},
    volume = {195},
    publisher = {Genetics Society of America},
    url = {http://www.ncbi.nlm.nih.gov/pubmed/24018767},
    doi = {10.1534/genetics.113.153262},
    issn = {1943-2631},
    pmid = {24018767},
    keywords = {chromatin, gene expression, regulatory networks, transcription factors, yeast}
}

@article{Heinrich2002kinase,
    title = {{Mathematical Models of Protein Kinase Signal Transduction}},
    year = {2002},
    journal = {Molecular Cell},
    author = {Heinrich, Reinhart and Neel, Benjamin G. and Rapoport, Tom A.},
    number = {5},
    month = {5},
    pages = {957--970},
    volume = {9},
    publisher = {Cell Press},
    url = {https://www.sciencedirect.com/science/article/pii/S1097276502005282},
    doi = {10.1016/S1097-2765(02)00528-2},
    issn = {1097-2765}
}

@article{Rubenstein2007,
    title = {{Mechanisms regulating the protein kinases of Saccharomyces cerevisiae}},
    year = {2007},
    journal = {Eukaryotic cell},
    author = {Rubenstein, Eric M and Schmidt, Martin C},
    number = {4},
    month = {4},
    pages = {571--83},
    volume = {6},
    publisher = {American Society for Microbiology (ASM)},
    url = {http://www.ncbi.nlm.nih.gov/pubmed/17337635 http://www.pubmedcentral.nih.gov/articlerender.fcgi?artid=PMC1865659},
    doi = {10.1128/EC.00026-07},
    issn = {1535-9778},
    pmid = {17337635}
}

@article{Chen99,
    title = {{Modeling gene expression with differential equations}},
    year = {1999},
    journal = {Pacific Symposium on Biocomputing},
    author = {Chen, Ting and He, Hongyu L and Church, George M},
    pages = {29--40},
    url = {http://www.ncbi.nlm.nih.gov/pubmed/10380183},
    doi = {10.1142/9789814447300{\_}0004},
    pmid = {10380183}
}

@article{Usaite2009,
    title = {{Reconstruction of the yeast Snf1 kinase regulatory network reveals its role as a global energy regulator}},
    year = {2009},
    journal = {Molecular Systems Biology},
    author = {Usaite, Renata and Jewett, Michael C and Oliveira, Ana Paula and Yates, John R and Olsson, Lisbeth and Nielsen, Jens},
    number = {1},
    month = {11},
    pages = {319},
    volume = {5},
    publisher = {EMBO Press},
    url = {http://www.ncbi.nlm.nih.gov/pubmed/19888214},
    doi = {10.1038/msb.2009.67},
    issn = {1744-4292},
    pmid = {19888214}
}

@article{Marbach2010,
    title = {{Revealing strengths and weaknesses of methods for gene network inference.}},
    year = {2010},
    journal = {Proceedings of the National Academy of Sciences of the United States of America},
    author = {Marbach, Daniel and Prill, Robert J and Schaffter, Thomas and Mattiussi, Claudio and Floreano, Dario and Stolovitzky, Gustavo},
    number = {14},
    month = {4},
    pages = {6286--91},
    volume = {107},
    publisher = {National Academy of Sciences},
    url = {http://www.ncbi.nlm.nih.gov/pubmed/20308593},
    doi = {10.1073/pnas.0913357107},
    issn = {1091-6490},
    pmid = {20308593}
}

@article{Shinar2006,
    title = {{Rules for biological regulation based on error minimization}},
    year = {2006},
    journal = {Proceedings of the National Academy of Sciences},
    author = {Shinar, Guy and Dekel, Erez and Tlusty, Tsvi and Alon, Uri},
    number = {11},
    month = {3},
    pages = {3999--4004},
    volume = {103},
    publisher = {National Academy of Sciences},
    url = {https://www.pnas.org/content/103/11/3999.short},
    doi = {10.1073/PNAS.0506610103},
    issn = {0027-8424},
    pmid = {16537475}
}

@misc{YeastOverview,
    title = {{Saccharomyces cerevisiae Genome Overview | SGD}},
    url = {https://www.yeastgenome.org/genomesnapshot}
}

@article{yeastgenome,
    title = {{Saccharomyces Genome Database: the genomics resource of budding yeast}},
    year = {2012},
    journal = {Nucleic Acids Research},
    author = {Cherry, J. M. and Hong, E. L. and Amundsen, C. and Balakrishnan, R. and Binkley, G. and Chan, E. T. and Christie, K. R. and Costanzo, M. C. and Dwight, S. S. and Engel, S. R. and Fisk, D. G. and Hirschman, J. E. and Hitz, B. C. and Karra, K. and Krieger, C. J. and Miyasato, S. R. and Nash, R. S. and Park, J. and Skrzypek, M. S. and Simison, M. and Weng, S. and Wong, E. D.},
    number = {D1},
    month = {1},
    pages = {D700-D705},
    volume = {40},
    publisher = {Narnia},
    url = {https://academic.oup.com/nar/article-lookup/doi/10.1093/nar/gkr1029},
    doi = {10.1093/nar/gkr1029},
    issn = {0305-1048},
    keywords = {community}
}

@article{Kashima2009,
    title = {{Simultaneous inference of biological networks of multiple species from genome-wide data and evolutionary information: a semi-supervised approach}},
    year = {2009},
    journal = {Bioinformatics},
    author = {Kashima, H. and Yamanishi, Y. and Kato, T. and Sugiyama, M. and Tsuda, K.},
    number = {22},
    month = {11},
    pages = {2962--2968},
    volume = {25},
    publisher = {Narnia},
    url = {https://academic.oup.com/bioinformatics/article-lookup/doi/10.1093/bioinformatics/btp494},
    doi = {10.1093/bioinformatics/btp494},
    issn = {1367-4803}
}

@article{Kashima2009b,
    title = {{Simultaneous inference of biological networks of multiple species from genome-wide data and evolutionary information: a semi-supervised approach}},
    year = {2009},
    journal = {Bioinformatics},
    author = {Kashima, H. and Yamanishi, Y. and Kato, T. and Sugiyama, M. and Tsuda, K.},
    number = {22},
    month = {11},
    pages = {2962--2968},
    volume = {25},
    publisher = {Narnia},
    url = {https://academic.oup.com/bioinformatics/article-lookup/doi/10.1093/bioinformatics/btp494},
    doi = {10.1093/bioinformatics/btp494},
    issn = {1367-4803}
}

@article{Goncalves2017,
    title = {{Systematic Analysis of Transcriptional and Post-transcriptional Regulation of Metabolism in Yeast}},
    year = {2017},
    journal = {PLOS Computational Biology},
    author = {Gon{\c{c}}alves, Emanuel and Raguz Nakic, Zrinka and Zampieri, Mattia and Wagih, Omar and Ochoa, David and Sauer, Uwe and Beltrao, Pedro and Saez-Rodriguez, Julio},
    editor = {Patil, Kiran Raosaheb},
    number = {1},
    month = {1},
    pages = {e1005297},
    volume = {13},
    publisher = {Public Library of Science},
    url = {https://dx.plos.org/10.1371/journal.pcbi.1005297},
    doi = {10.1371/journal.pcbi.1005297},
    issn = {1553-7358}
}

@article{Nielsen2017,
    title = {{Systems Biology of Metabolism: A Driver for Developing Personalized and Precision Medicine}},
    year = {2017},
    journal = {Cell Metabolism},
    author = {Nielsen, Jens},
    number = {3},
    month = {3},
    pages = {572--579},
    volume = {25},
    url = {https://linkinghub.elsevier.com/retrieve/pii/S155041311730092X},
    doi = {10.1016/j.cmet.2017.02.002},
    issn = {15504131}
}

@article{BioGRID,
    title = {{The BioGRID interaction database: 2019 update}},
    year = {2019},
    journal = {Nucleic Acids Research},
    author = {Oughtred, Rose and Stark, Chris and Breitkreutz, Bobby-Joe and Rust, Jennifer and Boucher, Lorrie and Chang, Christie and Kolas, Nadine and O’Donnell, Lara and Leung, Genie and McAdam, Rochelle and Zhang, Frederick and Dolma, Sonam and Willems, Andrew and Coulombe-Huntington, Jasmin and Chatr-aryamontri, Andrew and Dolinski, Kara and Tyers, Mike},
    number = {D1},
    month = {1},
    pages = {D529-D541},
    volume = {47},
    url = {https://academic.oup.com/nar/article/47/D1/D529/5204333},
    doi = {10.1093/nar/gky1079},
    issn = {0305-1048}
}

@article{yeastract2017,
    title = {{YEASTRACT: an upgraded database for the analysis of transcription regulatory networks in Saccharomyces cerevisiae}},
    year = {2017},
    journal = {Nucleic Acids Research},
    author = {Teixeira, Miguel C and Monteiro, Pedro T and Palma, Margarida and Costa, Catarina and Godinho, Cláudia P and Pais, Pedro and Cavalheiro, Mafalda and Antunes, Miguel and Lemos, Alexandre and Pedreira, Tiago and S{\'{a}}-Correia, Isabel},
    number = {D1},
    month = {1},
    pages = {D348-D353},
    volume = {46},
    publisher = {Nucleic Acids Research},
    url = {http://academic.oup.com/nar/article/46/D1/D348/4191333},
    doi = {10.1093/nar/gkx842},
    issn = {0305-1048},
    keywords = {genome, transcription factor, yeasts}
}

@article{Breitkreutz2010AYeast.,
    title = {{A global protein kinase and phosphatase interaction network in yeast.}},
    year = {2010},
    journal = {Science (New York, N.Y.)},
    author = {Breitkreutz, Ashton and Choi, Hyungwon and Sharom, Jeffrey R and Boucher, Lorrie and Neduva, Victor and Larsen, Brett and Lin, Zhen-Yuan and Breitkreutz, Bobby-Joe and Stark, Chris and Liu, Guomin and Ahn, Jessica and Dewar-Darch, Danielle and Reguly, Teresa and Tang, Xiaojing and Almeida, Ricardo and Qin, Zhaohui Steve and Pawson, Tony and Gingras, Anne-Claude and Nesvizhskii, Alexey I and Tyers, Mike},
    number = {5981},
    month = {5},
    pages = {1043--6},
    volume = {328},
    publisher = {American Association for the Advancement of Science},
    url = {http://www.ncbi.nlm.nih.gov/pubmed/20489023},
    doi = {10.1126/science.1176495},
    issn = {1095-9203},
    pmid = {20489023}
}

@article{Sengupta2002SpecificityNetworks,
    title = {{Specificity and robustness in transcription control networks}},
    year = {2002},
    journal = {Proceedings of the National Academy of Sciences},
    author = {Sengupta, A. M. and Djordjevic, M. and Shraiman, B. I.},
    number = {4},
    month = {2},
    pages = {2072--2077},
    volume = {99},
    url = {http://www.pnas.org/cgi/doi/10.1073/pnas.022388499},
    doi = {10.1073/pnas.022388499},
    issn = {0027-8424}
}

@article{vonDassow2000TheModule,
    title = {{The segment polarity network is a robust developmental module}},
    year = {2000},
    journal = {Nature},
    author = {von Dassow, George and Meir, Eli and Munro, Edwin M. and Odell, Garrett M.},
    number = {6792},
    month = {7},
    pages = {188--192},
    volume = {406},
    publisher = {Nature Publishing Group},
    url = {http://www.nature.com/articles/35018085},
    doi = {10.1038/35018085},
    issn = {0028-0836},
    keywords = {Humanities and Social Sciences, Science, multidisciplinary}
}